@article{robinson2015new,
  title={New crater on the Moon and a swarm of secondaries},
  author={Robinson, Mark S and Boyd, Aaron K and Denevi, Brett W and Lawrence, Samuel J and McEwen, Alfred S and Moser, Danielle E and Povilaitis, Reinhold Z and Stelling, Richard W and Suggs, Robert M and Thompson, Shane D and others},
  journal={Icarus},
  volume={252},
  pages={229--235},
  year={2015},
  publisher={Elsevier}
}

@article{holsapple1993scaling,
  title={The scaling of impact processes in planetary sciences},
  author={Holsapple, KA},
  journal={Annual review of earth and planetary sciences},
  volume={21},
  number={1},
  pages={333--373},
  year={1993},
  publisher={Annual Reviews 4139 El Camino Way, PO Box 10139, Palo Alto, CA 94303-0139, USA}
}

@inproceedings{moser2014large,
  title={Large meteoroid impact on the Moon on 17 March 2013},
  author={Moser, D and Suggs, R and Suggs, RJ},
  booktitle={Asteroids, Comets, Meteors 2014},
  year={2014}
}

@inproceedings{gault1974impact,
  title={Impact cratering},
  author={Gault, Donald E},
  booktitle={A primer in lunar geology},
  year={1974}
}

@article{bouley2012power,
  title={Power and duration of impact flashes on the Moon: Implication for the cause of radiation},
  author={Bouley, Sylvain and Baratoux, David and Vaubaillon, Jeremie and Mocquet, A and Le Feuvre, Mathieu and Colas, Francois and Benkhaldoun, Zouhair and Daassou, Ahmed and Sabil, Mohammed and Lognonn{\'e}, Philippe},
  journal={Icarus},
  volume={218},
  number={1},
  pages={115--124},
  year={2012},
  publisher={Elsevier}
}

@article{moser2011luminous,
  title={Luminous Efficiency of Hypervelocity Meteoroid Impacts on the Moon Derived from the 2006 Geminids, 2007 Lyrids, and 2008 Taurids},
  author={Moser, DE and Suggs, RM and Swift, WR and Suggs, RJ and Cooke, WJ and Diekmann, AM and Koehler, HM},
  journal={Meteoroids: The Smallest Solar System Bodies},
  pages={142},
  year={2011}
}

@incollection{neukum2001cratering,
  title={Cratering records in the inner solar system in relation to the lunar reference system},
  author={Neukum, Gerhard and Ivanov, Boris A and Hartmann, William K},
  booktitle={Chronology and evolution of Mars},
  pages={55--86},
  year={2001},
  publisher={Springer}
}

@article{carrier2003particle,
  title={Particle size distribution of lunar soil},
  author={Carrier III, W David},
  journal={Journal of Geotechnical and Geoenvironmental Engineering},
  volume={129},
  number={10},
  pages={956--959},
  year={2003},
  publisher={American Society of Civil Engineers}
}

@article{housen2011ejecta,
  title={Ejecta from impact craters},
  author={Housen, Kevin R and Holsapple, Keith A},
  journal={Icarus},
  volume={211},
  number={1},
  pages={856--875},
  year={2011},
  publisher={Elsevier}
}

@article{grun1985collisional,
  title={Collisional balance of the meteoritic complex},
  author={Gr{\"u}n, E and Zook, HA and Fechtig, H and Giese, RH},
  journal={Icarus},
  volume={62},
  number={2},
  pages={244--272},
  year={1985},
  publisher={Elsevier}
}

@article{moorhead2019nasa,
  title={NASAâ€™s Meteoroid Engineering Model 3 and Its Ability to Replicate Spacecraft Impact Rates},
  author={Moorhead, Althea V and Kingery, Aaron and Ehlert, Steven},
  journal={Journal of Spacecraft and Rockets},
  pages={1--17},
  year={2019},
  publisher={American Institute of Aeronautics and Astronautics}
}

@article{vickery1986size,
  title={Size-velocity distribution of large ejecta fragments},
  author={Vickery, AM},
  journal={Icarus},
  volume={67},
  number={2},
  pages={224--236},
  year={1986},
  publisher={Elsevier}
}
@article{brown2002flux,
  title={The flux of small near-Earth objects colliding with the Earth},
  author={Brown, Peter and Spalding, RE and ReVelle, Douglas O and Tagliaferri, E and Worden, SP},
  journal={Nature},
  volume={420},
  number={6913},
  pages={294},
  year={2002},
  publisher={Nature Publishing Group}
}

@article{cour1969meteoroid,
  title={Meteoroid Environment Model 1969 (Near Earth to Lunar Surface), NASA SP-8013},
  author={Cour-Palais, B. G.},
  journal={National Aeronautics and Space Administration, Washington, DC},
  year={1969}
}

@article{bjorkman2019astronaut,
  title={An Astronaut's Risk of Experiencing a Critical Impact from Lunar Ejecta During Lunar EVA},
  author={Bjorkman, Michael D and Christiansen, Eric L},
  year={2019},
  journal={First Int'l. Orbital Debris Conf.}
}

@article{rival1999modeling,
  title={Modeling of ejecta produced upon hypervelocity impacts},
  author={Rival, M and Mandeville, JC},
  journal={Space debris},
  volume={1},
  number={1},
  pages={45--57},
  year={1999},
  publisher={Springer}
}

@techreport{ESABASE2_DebrisRelease10.0,
  title={ESABASE2 Debris Release 10.0 Technical Description},
  author={Miller, A},
  institution={ESA},
  year={2017},
  number={1.7}
 }
 
 @inproceedings{gault1978experimental,
  title={Experimental studies of oblique impact},
  author={Gault, Donald E and Wedekind, John A},
  booktitle={Lunar and Planetary Science Conference Proceedings},
  volume={9},
  pages={3843--3875},
  year={1978}
}

@article{shuvalov2011ejecta,
  title={Ejecta deposition after oblique impacts: An influence of impact scale},
  author={Shuvalov, Valery},
  journal={Meteoritics \& Planetary Science},
  volume={46},
  number={11},
  pages={1713--1718},
  year={2011},
  publisher={Wiley Online Library}
}

@book{gault1963spray,
  title={NASA TN D-1767 Spray ejected from the lunar surface by meteoroid impact},
  author={Gault, Donald E and Shoemaker, Eugene M and Moore, Henry J},
  year={1963},
  publisher={National Aeronautics and Space Administration}
}
 
@article{carrier1973lunar,
  title={Lunar soil grain size distribution},
  author={Carrier, W David},
  journal={The moon},
  volume={6},
  number={3-4},
  pages={250--263},
  year={1973},
  publisher={Springer}
}

@inproceedings{zook1967problem,
  title={The problem of secondary ejecta near the lunar surface.},
  author={Zook, Herbert A},
  year={1967},
  volume={I},
  booktitle={Transactions of the 1967 National Symposium on Saturn V/Apollo and Beyond},
  pages={EN-8},
  journal={Americal Astronomical Society}
}

@article{koschny2001impacts,
  title={Impacts into ice--silicate mixtures: Crater morphologies, volumes, depth-to-diameter ratios, and yield},
  author={Koschny, Detlef and Gr{\"u}n, Eberhard},
  journal={Icarus},
  volume={154},
  number={2},
  pages={391--401},
  year={2001},
  publisher={Elsevier}
}

@article{moore1963experimental,
  title={Experimental impact craters in basalt},
  author={Moore, HJ and Gault, DE and Lugn, RV},
  journal={Trans. Min. Eng},
  volume={229},
  pages={258--262},
  year={1963}
}

@article{krivov2003impact,
  title={Impact-generated dust clouds around planetary satellites: spherically symmetric case},
  author={Krivov, Alexander V and Srem{\v{c}}evi{\'c}, Miodrag and Spahn, Frank and Dikarev, Valeri V and Kholshevnikov, Konstantin V},
  journal={Planetary and Space Science},
  volume={51},
  number={3},
  pages={251--269},
  year={2003},
  publisher={Elsevier}
}

@article{horanyi2015permanent,
  title={A permanent, asymmetric dust cloud around the Moon},
  author={Hor{\'a}nyi, M and Szalay, JR and Kempf, S and Schmidt, J and Gr{\"u}n, E and Srama, R and Sternovsky, Z},
  journal={Nature},
  volume={522},
  number={7556},
  pages={324--326},
  year={2015},
  publisher={Nature Publishing Group}
}

@article{horanyi2014lunar,
  title={The lunar dust experiment (LDEX) onboard the lunar atmosphere and dust environment explorer (LADEE) mission},
  author={Hor{\'a}nyi, Mihaly and Sternovsky, Z and Lankton, M and Dumont, C and Gagnard, S and Gathright, D and Gr{\"u}n, E and Hansen, D and James, D and Kempf, S and others},
  journal={Space Science Reviews},
  volume={185},
  number={1-4},
  pages={93--113},
  year={2014},
  publisher={Springer}
}